@article{example2023,
  title={Example Paper},
  author={Smith, John},
  journal={Example Journal},
  year={2023}
}